<?xml version="1.0" encoding="UTF-8"?><collection xmlns="http://www.loc.gov/MARC21/slim"><record><leader>00357nam--2200121-i-4500</leader><controlfield tag="001">000020660</controlfield><controlfield tag="002">20161230</controlfield><controlfield tag="005">20161230201033</controlfield><controlfield tag="008">060222s1000------------r-----000-0-eng-d</controlfield><datafield ind1=" " ind2=" " tag="080"><subfield code="a">001.818</subfield></datafield><datafield ind1=" " ind2=" " tag="245"><subfield code="a">Psi. annual report 1995, anex i nuclear and particle physics munos in solid-state physics and chemistry</subfield></datafield><datafield ind1=" " ind2=" " tag="260"><subfield code="a">Villigen, Psi, 1996 116 P</subfield></datafield><datafield ind1=" " ind2=" " tag="852"><subfield code="a">74920</subfield></datafield></record></collection>